<?xml version="1.0" encoding="UTF-8"?><collection xmlns="http://www.loc.gov/MARC21/slim"><record><leader>00407nam--2200133-i-4500</leader><controlfield tag="001">000035266</controlfield><controlfield tag="002">20161230</controlfield><controlfield tag="005">20161230201040</controlfield><controlfield tag="008">060222s1000------------r-----000-0-eng-d</controlfield><datafield ind1=" " ind2=" " tag="080"><subfield code="a">061.62(047.1:495):539(047.1:495)</subfield></datafield><datafield ind1=" " ind2=" " tag="245"><subfield code="a">Nuclear research center  democritos. physics department. annual report 1970</subfield></datafield><datafield ind1=" " ind2=" " tag="260"><subfield code="a">Athens, Greek Atomic Energy Commission, 1971. 109p</subfield></datafield><datafield ind1=" " ind2=" " tag="700"><subfield code="a">Kouris, C.B</subfield></datafield><datafield ind1=" " ind2=" " tag="852"><subfield code="a">45262</subfield></datafield></record></collection>